@articel{WeidemanTrefethen2007,
author={J.~A.~C.~Weideman and L.~N.~Trefethen},
title={Parabolic and hyperbolic contours for computing the Bromwich
integral},
journal={Math. Comp.},
volume={76},
number={259},
year={2007},
pages={1341--1356},
doi={10.1090/S0025-5718-07-01945-X},
}
